% Encoding: UTF-8

@InProceedings{Althoff2017a,
  author    = {M. Althoff and M. Koschi and S. Manzinger},
  title     = {{CommonRoad}: {C}omposable Benchmarks for Motion Planning on Roads},
  booktitle = {Proc. of the IEEE Intelligent Vehicles Symposium},
  year      = {2017},
  pages     = {719-726},
}

@Comment{jabref-meta: databaseType:bibtex;}
