@INPROCEEDINGS{Bender2014,
  author = {P. Bender and J. Ziegler and C. Stiller},
  title = {Lanelets: Efficient Map Representation for Autonomous Driving},
  booktitle = {Proc. of the IEEE Intelligent Vehicles Symposium},
  year = {2014},
  pages = {420-425},
  owner = {matthias},
  timestamp = {2016.03.21}
}

@InProceedings{Althoff2017a,
  author    = {M. Althoff and M. Koschi and S. Manzinger},
  title     = {{CommonRoad}: {C}omposable Benchmarks for Motion Planning on Roads},
  booktitle = {Proc. of the IEEE Intelligent Vehicles Symposium},
  year      = {2017},
  pages     = {719-726},
}